@article{asrs,
    title={Characterizing Architecturally Significant Requirements},
    author={Chen, Lianping and Ali Babar, Muhammad and Nuseibeh, Bashar},
    journal={IEEE Software - SOFTWARE},
    year={2013}
}
@manual{userguide,
    title={OptaPlanner User Guide version 7.30.0},
    year={2019},
    author={The OptaPlanner Team},
    note={The most recent release of this document was on 27th November 2019. Information can be found on \url{https://www.optaplanner.org/learn/documentation.html}}
}
